@article{dijkstra,
    author =       "Edsger Wybe Dijkstra",
    title =        "A Note on Two Problems in Connexion with Graph",
    journal =      "Numerische Mathematlk",
    volume =       "1",
    number =       "1",
    pages =        "269--271",
    year =         "1959",
    month =        "December",
    DOI =          "https://doi.org/10.1007/BF01386390",
    OPTnote =      "http://www-m3.ma.tum.de/foswiki/pub/MN0506/WebHome/dijkstra.pdf"
}

@article{Astar,
    author =       "Peter E. Hart and Nils John Nilsson and Bertram Raphael",
    title =        "A Formal Basis for the Heuristic Determination of Minimum Cost Paths",
    journal =      "IEEE Transactions on Systems Science and Cybernetics",
    volume =       "4",
    number =       "2",
    pages =        "100--107",
    year =         "1968",
    month =        "July",
    DOI =          "https://doi.org/10.1109/TSSC.1968.300136",
    OPTnote =      "https://ieeexplore.ieee.org/document/4082128/authors#authors"
}

@inproceedings{fleischer-dcsc,
    author      = "Lisa K. Fleischer and Bruce Hendrickson and Ali Pinar",
    title       = "On Identifying Strongly Connected Components in Parallel",
    booktitle   = "Parallel and distributed processing: 15 IPDPS 2000 workshops",
    year        = "2000",
    month       = "May",
    editor      = "Jos√© Rolim",
    series      = "Lecture Notes in Computer Science",
    volume      = "1800",
    pages       = "505--511",
    address     = "Cancun, Mexico",
    publisher   = "Springer",
    isbn        = "3-540-67442-X",
    issn        = "0302-9743",
    OPTnote     = "https://www.researchgate.net/publication/2606495_On_Identifying_Strongly_Connected_Components_in_Parallel"
}

@incollection{encyc-AI-Astar,
    author      = "Bertram Raphael",
    title       = "A* algorithm",
    booktitle   = "Encyclopedia of Artificial Intelligence",
    publisher   = "John Wiley \& Sons",
    year        = "1987",
    editor      = "Stuart C. Shapiro",
    volume      = "1",
    pages       = "1--2",
    type        = "Encyclopedia entry",
    OPTnote     = "libgen"
}

@book{intro-alg,
    author    = "Thomas H. Cormen and Charles E. Leiserson and Ronald Linn Rivest and Clifford Seth Stein",
    title     = "Introduction to Algorithms",
    edition   = "3rd",
    year      = "2009",
    publisher = "The MIT Press",
    address   = "Cambridge, Massachusetts",
    OPTnote   = "https://raw.githubusercontent.com/CodeClub-JU/Introduction-to-Algorithms-CLRS/master/Introduction%20to%20Algorithms%20-%203rd%20Edition.pdf"
}
