@article{dijkstra,
    author =       "Edsger Wybe Dijkstra",
    title =        "A Note on Two Problems in Connexion with Graph",
    journal =      "Numerische Mathematlk",
    volume =       "1",
    number =       "1",
    pages =        "269--271",
    year =         "1959",
    month =        "December",
    DOI =          "https://doi.org/10.1007/BF01386390",
    OPTnote =      "http://www-m3.ma.tum.de/foswiki/pub/MN0506/WebHome/dijkstra.pdf"
}

@article{Astar,
    author =       "Peter E. Hart and Nils John Nilsson and Bertram Raphael",
    title =        "A Formal Basis for the Heuristic Determination of Minimum Cost Paths",
    journal =      "IEEE Transactions on Systems Science and Cybernetics",
    volume =       "4",
    number =       "2",
    pages =        "100--107",
    year =         "1968",
    month =        "July",
    DOI =          "https://doi.org/10.1109/TSSC.1968.300136",
    OPTnote =      "https://ieeexplore.ieee.org/document/4082128/authors#authors"
}

@article{held-karp62,
    author =       "Michael Held and Richard M. Karp",
    title =        "A Dynamic Programming Approach to Sequencing Problems",
    journal =      "Journal of the Society for Industrial and Applied Mathematics",
    volume =       "10",
    number =       "1",
    pages =        "196--210",
    year =         "1962",
    month =        "March",
    OPTnote =      "http://bioinfo.ict.ac.cn/~dbu/AlgorithmCourses/Lectures/Lec6-TSP-Held-Karp1962.pdf"
}

@article{bellman62,
    author =       "Richard Bellman",
    title =        "Dynamic Programming Treatment of the Travelling Salesman Problem",
    journal =      "Journal of the Association for Computing Machinery",
    volume =       "9",
    number =       "1",
    pages =        "61--63",
    year =         "1962",
    month =        "January",
    DOI =          "https://doi.org/10.1145/321105.321111",
    OPTnote =      "https://dl.acm.org/doi/10.1145/321105.321111"
}

@inproceedings{fleischer-dcsc,
    author      = "Lisa K. Fleischer and Bruce Hendrickson and Ali Pinar",
    title       = "On Identifying Strongly Connected Components in Parallel",
    booktitle   = "Parallel and distributed processing: 15 IPDPS 2000 workshops",
    year        = "2000",
    month       = "May",
    editor      = "Jos√© Rolim",
    series      = "Lecture Notes in Computer Science",
    volume      = "1800",
    pages       = "505--511",
    address     = "Cancun, Mexico",
    publisher   = "Springer",
    isbn        = "3-540-67442-X",
    issn        = "0302-9743",
    OPTnote     = "https://www.researchgate.net/publication/2606495_On_Identifying_Strongly_Connected_Components_in_Parallel"
}

@techreport{christofides,
    author      = "Nicos Christofides",
    title       = "Worst-Case Analysis of a New Heuristic For the Travelling Salesman Problem",
    institution = "Management Science Research Group",
    year        = "1976",
    month       = "February",
    number      = "388",
    address     = "Carnegie-Mellon University",
    OPTnote     = "https://apps.dtic.mil/sti/pdfs/ADA025602.pdf"
}

@incollection{encyc-AI-Astar,
    author      = "Bertram Raphael",
    title       = "A* algorithm",
    booktitle   = "Encyclopedia of Artificial Intelligence",
    publisher   = "John Wiley \& Sons",
    year        = "1987",
    editor      = "Stuart C. Shapiro",
    volume      = "1",
    pages       = "1--2",
    type        = "Encyclopedia entry",
    OPTnote     = "libgen"
}

@incollection{encyc-alg-christofides,
    author      = "Joseph S. B. Mitchell",
    title       = "Approximation Schemes for Geometric Network Optimization Problems",
    booktitle   = "Encyclopedia of Algorithms",
    publisher   = "Springer",
    address     = "New York",
    year        = "2016",
    editor      = "Ming-Yang Kao",
    edition     = "2",
    pages       = "126--130",
    type        = "Encyclopedia entry",
    OPTnote     = "libgen"
}

@book{intro-alg,
    author    = "Thomas H. Cormen and Charles E. Leiserson and Ronald Linn Rivest and Clifford Seth Stein",
    title     = "Introduction to Algorithms",
    edition   = "3rd",
    year      = "2009",
    publisher = "The MIT Press",
    address   = "Cambridge, Massachusetts",
    OPTnote   = "https://raw.githubusercontent.com/CodeClub-JU/Introduction-to-Algorithms-CLRS/master/Introduction%20to%20Algorithms%20-%203rd%20Edition.pdf"
}

@book{intro-genetic-algs,
    author    = "Mitchell Melanie",
    title     = "An Introduction to Genetic Algorithms",
    edition   = "1st",
    year      = "1999",
    publisher = "The MIT Press",
    address   = "Cambridge, Massachusetts",
    OPTnote   = "https://pdfs.semanticscholar.org/e0fd/bda2b7ebab03f798f9d33847050d012df9cc.pdf"
}

@book{numerical-recipes,
    author    = "William H. Press and Saul A. Teukolsky and William T. Vetterling and Brian P. Flannery",
    title     = "Numerical Recipes: The Art of Scientific Computing",
    edition   = "3rd",
    year      = "2007",
    publisher = "Cambridge University Press",
    address   = "Cambridge, United Kingdom",
    isbn      = "0-521-88068-8",
    OPTnote   = "https://e-maxx.ru/bookz/files/numerical_recipes.pdf"
}

@article{sharir81,
    author =       "Micha Sharir",
    title =        "A strong-connectivity algorithm and its applications in data flow analysis",
    journal =      "Computers \& Mathematics with Applications",
    volume =       "7",
    number =       "1",
    pages =        "67--72",
    year =         "1981",
    DOI =          "https://doi.org/10.1016/0898-1221(81)90008-0",
    OPTnote =      "https://www.sciencedirect.com/science/article/pii/0898122181900080"
}

@article{dir-2006-126-ec,
    title       = {{Directive 2006/126/EC of the European Parliament and of the Council of 20 December 2006 on driving licences}},
    journal     = "Official Journal of the European Union",
    number      = "L403",
    pages       = "18--60",
    year        = "2006",
    month       = "December",
    note        = {\newline\url{https://eur-lex.europa.eu/legal-content/GA/TXT/?uri=CELEX:32006L0126}}
}

@article{tarjan72,
    author =    "Robert Tarjan",
    title =     "Depth-First Search and Linear Graph Algorithms",
    journal =   "SIAM Journal on Computing",
    volume =    "1",
    pages =     "146--160",
    year =      "1972",
    month =     "June",
    DOI =       "https://epubs.siam.org/doi/abs/10.1137/0201010",

}