../report1/report.bib